<?xml version="1.0" encoding="UTF-8"?><collection xmlns="http://www.loc.gov/MARC21/slim"><record><leader>00731nam--2200205-u-4500</leader><controlfield tag="001">000053144</controlfield><controlfield tag="002">20161230</controlfield><controlfield tag="005">20161230201051</controlfield><controlfield tag="008">110107s1000------------r-----000-0-eng-d</controlfield><datafield ind1=" " ind2=" " tag="020"><subfield code="a">0750302895</subfield></datafield><datafield ind1=" " ind2=" " tag="040"><subfield code="a">IFIN-HH</subfield></datafield><datafield ind1=" " ind2=" " tag="080"><subfield code="a">539.12</subfield></datafield><datafield ind1="1" ind2=" " tag="100"><subfield code="a">Macgregor, I.J.D</subfield></datafield><datafield ind1="1" ind2="0" tag="245"><subfield code="a">Nuclear and particle physics 1993</subfield><subfield code="b">Proceedings of the international conference on nuclear and particle physics held at university of glasgow, 30 march - 1 april, 1993</subfield><subfield code="c">I.J.D. MACGREGOR; A.T. DOYLE (Eds.)</subfield></datafield><datafield ind1=" " ind2=" " tag="260"><subfield code="a">PHILADELPHIA</subfield><subfield code="b">Institute Of Physics Publishing</subfield><subfield code="c">1993</subfield></datafield><datafield ind1=" " ind2=" " tag="300"><subfield code="a">278P</subfield></datafield><datafield ind1=" " ind2=" " tag="490"><subfield code="a">Institute Of Physics Publishing Series</subfield><subfield code="v">Number 133</subfield></datafield><datafield ind1="1" ind2=" " tag="700"><subfield code="a">Doyle, A.T</subfield><subfield code="e">Ed</subfield></datafield><datafield ind1=" " ind2=" " tag="852"><subfield code="a">82273</subfield><subfield code="c">539.12</subfield></datafield><datafield ind1=" " ind2=" " tag="CAT"><subfield code="a">Sys</subfield><subfield code="c">20110107</subfield><subfield code="h">084456</subfield></datafield></record></collection>